@electronic{music-and-computers,
  title={Music and Computers -- A Theoretical and Historical Approach},
  author={Burk, Phil and Polansky, Larry and Repetto, Doublas and Roberts, Mary and Rockmore, Dan},
  year={2011},
  howpublished = {\url{http://music.columbia.edu/cmc/MusicAndComputers/}},
  note = {[Online; Accessed 05-03-2014]}
}